1CClientBankExchange
ВерсияФормата=1.01
Кодировка=Windows
Получатель=1С
ДатаНачала=01.01.2023
ДатаКонца=31.01.2023
ДатаСоздания=31.01.2023
ВремяСоздания=21:00:00
РасчСчет=00000000000000000001
СекцияРасчСчет
ДатаНачала=02.01.2023
ДатаКонца=02.01.2023
РасчСчет=00000000000000000001
НачальныйОстаток=110978.00
ВсегоПоступило=0.00
ВсегоСписано=108159.12
КонечныйОстаток=2818.88
КонецРасчСчет
СекцияДокумент=Платежное поручение
Номер=3
Дата=31.03.2023
Сумма=108159.12
ПлательщикСчет=00000000000000000001
ДатаСписано=03.04.2023
ПлательщикИНН=0000000002
ПлательщикКПП=000000002
Плательщик1=ООО Плательщик
ПлательщикРасчСчет=00000000000000000001
ПлательщикБанк1= Банк ГПБ (АО)
ПлательщикБанк2=г Москва
ПлательщикБИК=044525823
ПлательщикКорсчет=00000000000000000003
ПолучательСчет=00000000000000000002
ПолучательИНН=0000000001
ПолучательКПП=000000001
Получатель1=ЭнергоСистемы
ПолучательРасчСчет=00000000000000000002
ПолучательБанк1= ФИЛИАЛ "САМАРСКИЙ" АО "ОТП БАНК"
ПолучательБанк2=г Самара
ПолучательБИК=000000002
ПолучательКорсчет=00000000000000000004
ВидПлатежа=электронно
ВидОплаты=01
СтатусСоставителя=
ПоказательКБК=
ОКАТО=
ПоказательОснования=
ПоказательПериода=
ПоказательНомера=
ПоказательДаты=
ПоказательТипа=
СрокПлатежа=
Очередность=5
НазначениеПлатежа=Оплата по счету N 1024 от 01.01.23г 18026,52
СрокАкцепта=
Код=
КонецДокумента
КонецФайла
